<record><leader>00000cas a22000007a 4500</leader><controlfield tag="001">11161971</controlfield><controlfield tag="008">840917d18751879inuwr ne      0    0eng d</controlfield><datafield ind1=" " ind2=" " tag="010"><subfield code="a">sn 84037915 </subfield></datafield><datafield ind1=" " ind2=" " tag="040"><subfield code="a">NPX</subfield><subfield code="b">eng</subfield><subfield code="c">NPX</subfield><subfield code="d">OCLCQ</subfield></datafield><datafield ind1=" " ind2=" " tag="042"><subfield code="a">msc</subfield></datafield><datafield ind1="0" ind2="4" tag="245"><subfield code="a">The Loogootee times.</subfield></datafield><datafield ind1=" " ind2=" " tag="260"><subfield code="a">Loogootee, Ind. :</subfield><subfield code="b">Chomel &amp; Crecelius</subfield></datafield><datafield ind1=" " ind2=" " tag="300"><subfield code="a">v.</subfield></datafield><datafield ind1=" " ind2=" " tag="310"><subfield code="a">Weekly</subfield></datafield><datafield ind1="1" ind2=" " tag="362"><subfield code="a">Began in May 1875; ceased in 1879.</subfield><subfield code="z">Cf. Miller, J.W. Ind. newspaper bibl.</subfield></datafield><datafield ind1=" " ind2=" " tag="500"><subfield code="a">Editors: T. Alexander Chomel, Mr. Crecelius, &lt;1876&gt;.</subfield></datafield><datafield ind1=" " ind2=" " tag="500"><subfield code="a">Publishers: Montgomery &amp; Crecelius, 1875-1876; Chomel &amp; Crecelius, &lt;1876&gt;.</subfield></datafield><datafield ind1=" " ind2=" " tag="588"><subfield code="a">Description based on: Vol. 2, no. 15 (Aug. 17, 1876).</subfield></datafield><datafield ind1=" " ind2=" " tag="752"><subfield code="a">United States</subfield><subfield code="b">Indiana</subfield><subfield code="c">Martin</subfield><subfield code="d">Loogootee.</subfield></datafield><datafield ind1="1" ind2=" " tag="029"><subfield code="a">AU@</subfield><subfield code="b">000025816762</subfield></datafield></record>